2563 4371
1086 220 1164 373 <
1265 241 1466 383 „52
1565 205 1657 378 )‘

571 448 624 484 “
680 432 1105 544 sulphurea
1144 431 1350 519 unde
1413 434 1666 519 adhuc
1721 435 2393 552 Swafiveggrqoens

577 568 751 649 “·1.
799 569 1131 723 'Harum
1143 567 1460 677 pleraeq3
1490 565 1806 649 desertae
1845 568 2055 649 fuere
2096 603 2119 667 3
2177 592 2353 647 tan-

575 700 633 770 ‘.‘
691 693 869 778 dem
951 694 1170 792 veto,
1262 695 1634 781 exhausta
1716 695 1941 809 aqua,
2032 699 2170 780 usu
2234 726 2360 780 re·-

576 826 630 867 “
686 836 955 930 ceptae.
1088 822 1559 906 Distantiam
1636 852 1927 919 earum,
2009 823 2364 930 longitu-

585 961 635 996 “
691 947 954 1032 dinem
993 924 1657 1061 latitudinemque
1686 953 1959 1035 orificii
2016 953 2367 1058 superio-

589 1084 645 1123 “
698 1086 803 1162 ris
865 1080 1150 1165 habere
1203 1091 1503 1193 poteris
1577 1109 1674 1162 ex
1739 1084 2152 1176 schemate,
2228 1109 2373 1186 ap-

591 1212 658 1379 “f
706 1208 1003 1317 plicato
1078 1211 1303 1295 scalae
1376 1207 1744 1322 appofitae
1822 1209 2139 1296 circino.
2271 1213 2371 1294 In

591 1335 958 1419 “medio
1029 1335 1306 1434 harum
1386 1337 1823 1421 fodinarum
1900 1335 2011 1420 est
2066 1363 2375 1445 vorago

598 1448 1052 1550 “maxima
1111 1475 1220 1590 in
1261 1463 1541 1549 declivi
1608 1469 1830 1579 collis
1879 1464 2382 1574 aperta31a-

529 1628 534 1637 ·
599 1576 664 1638 ‘²
697 1573 856 1675 bra
877 1572 1259 1677 orientem
1306 1597 1741 1703 specstantia
1782 1627 1909 1708 14.
1967 1592 2208 1706 pedes
2245 1591 2387 1677 de·
2448 1642 2457 1643 f

608 1719 1077 1827 “preffiora
1149 1722 1323 1803 sunt
1394 1729 1554 1807 oris
1625 1718 1727 1804 ad
1781 1724 2139 1805 occ'asoem
2212 1750 2391 1804 ver-
2508 1820 2516 1845 ι

605 1838 1108 1963 “gentibns‚
1164 1866 1285 1933 ut
1308 1878 1404 1933 ex
1460 1878 1747 1958 mappa
1801 1847 2092 1932 videas.
2202 1849 2394 1933 Ob·

604 1964 664 2018 “
719 1975 1179 2061 servandum
1230 1974 1422 2090 ergo
1473 1986 1556 2061 in
1622 1977 2153 2089 sequentibus,
2233 2002 2392 2058 nos

616 2105 672 2145 “
729 2110 814 2187 in
884 2104 1482 2191 determinanda
1538 2103 1659 2190 ad
1748 2101 2397 2216 perpendiculum

617 2235 673 2277 “
730 2232 1264 2340 profunditate
1325 2232 1709 2329 locorum,
1803 2259 1902 2312 ex
1967 2229 2399 2343 horizonte

618 2363 672 2405 ‘⁶
725 2364 1083 2437 maximae
1165 2348 1604 2436 altitudinis
1675 2356 1769 2437 A.
1863 2352 1945 2435 id
2020 2357 2429 2463 fad'turos,‚

620 2490 674 2532 “‘
728 2478 865 2568 nis1
929 2475 1269 2589 expresse
1331 2489 1897 2582 monuerimus,
1978 2479 2190 2565 illam
2254 2512 2408 2567 nu-

624 2617 678 2657 “
733 2607 1180 2692 metandam
1255 2601 1406 2693 effe
1480 2637 1581 2691 ex
1656 2615 1980 2719 proprio
2002 2609 2401 2693 tabulato

629 2737 1200 2850 “(Wndzlaf
1176 2765 1360 2821 wan
1426 2744 1552 2820 cui
1642 2762 1912 2847 ergata
1986 2737 2407 2823 inaedifica-

637 2871 690 2913 “
748 2891 833 2950 ta
887 2861 1065 2978 est)
1144 2865 1365 2978 quod
1439 2890 1816 2976 quantum
1885 2847 2083 2978 infra
2142 2865 2410 2950 locum

642 2999 701 3042 “
757 3001 852 3081 A.
908 2993 1402 3101 deprimitur,
1492 3021 1592 3078 ex
1661 3002 2039 3079 numeris
2058 3004 2141 3084 in
2196 2994 2413 3078 sche-

645 3127 708 3170 ‘⁸
759 3146 965 3222 mate
992 3120 1327 3233 fignatis
1339 3125 1805 3232 cognoscere
1831 3129 2156 3232 poteris
2212 3127 2417 3206 Prae·

646 3245 730 3295 ‘⁵‘
754 3272 872 3333 ter
921 3247 1175 3334 dicitas
1226 3249 1536 3335 fodinas
1582 3254 1758 3336 sunt
1813 3255 1888 3335 &
1957 3251 2129 3345 aliae
2162 3250 2417 3335 foveae

647 3382 718 3424 “
760 3376 1210 3488 angustiori
1269 3365 1572 3461 accessu
1628 3377 1949 3465 ἀιιεόὶίε
2037 3376 2417 3469 lateribus

655 3509 714 3549 “
770 3505 867 3590 ad
903 3513 1063 3590 ima
1107 3499 1548 3607 tendentes,
1604 3507 1990 3620 pleraeque
2014 3509 2416 3624 extrahen-

660 3636 716 3686 “
768 3634 888 3738 dae
943 3643 1284 3720 materiae
1336 3629 1896 3750 (opfordrings)
1969 3638 2246 3749 gratia,
2317 3638 2416 3721 ab

664 3773 712 3809 “
682 3766 931 3880 ipsa
977 3749 1379 3874 superficie
1456 3787 1673 3847 terrae
1739 3767 2132 3875 perforato
2204 3771 2415 3872 saxo,

651 3927 654 3930 =
1302 3923 1309 3928 ·
1786 3919 1792 3924 ·
2020 3943 2061 3956 J
2126 3899 2179 3945 ιι
2153 3891 2425 4005 Pub,
