2563 4371
1226 241 1714 401 (90)

600 464 965 569 serviant,
1040 490 1214 573 quae
1264 459 1583 574 fingulae
1652 488 1753 543 10
1811 461 2051 547 libras
2117 446 2394 543 nauti-

600 618 735 676 cas
790 589 1163 700 pendent,
1220 613 1455 700 atque
1517 588 1769 672 craffis
1811 580 2086 671 ,ferreis
2138 591 2400 691 crati-

595 717 826 823 culis,
880 747 982 803 ne
1029 716 1582 802 detrimentum
1628 723 1968 826 capiant,
2025 715 2198 796 sunt
2227 719 2401 797 im-

597 844 863 955 positae
898 880 919 930 ε
973 847 1159 931 licet
1203 875 1304 932 ne
1338 844 1440 931 fic
1478 844 1798 958 quidem
1853 850 2165 927 cortinae
2197 840 2400 927 lixi-

601 977 714 1054 vii
772 971 1119 1058 fortioris
1194 973 1399 1060 ultra
1442 979 1812 1083 ‘quinque
1867 965 1993 1053 vel
2050 969 2207 1068 sex,
2309 975 2398 1071 δε

603 1109 921 1188 cortinae
995 1103 1247 1190 lixivii
1330 1101 1548 1187 crudi
1624 1101 1827 1185 ultra
1882 1124 2043 1183 tres
2125 1125 2394 1185 annos

604 1229 917 1338 durent,
1006 1233 1227 1347 quod
1279 1259 1483 1318 terta
1539 1229 1808 1314 adusta
1865 1222 2132 1312 fundis
2207 1231 2393 1311 illa-

606 1393 776 1448 rum
846 1363 1210 1466 adaereat,
1289 1368 1392 1467 ἃ,
1449 1371 1529 1447 ni
1586 1366 1885 1470 semper
1940 1352 2389 1456 deradatut‚

604 1491 1021 1601 plumbum
1075 1491 1553 1601 liquefaciat.

715 1620 1125 1729 Lixivium
1176 1619 1329 1711 hoc
1375 1648 1506 1702 orn
1514 1625 1590 1700 ni
1644 1609 1959 1699 Vitriolo⁸
2024 1610 2385 1717 orbatum,

605 1752 933 1861 nullasq;
987 1751 1420 1860 ⁴crystallos
1485 1744 2146 1838 commonstrans,⁴
2184 1745 2389 1831 Alu-

608 1885 968 1968 minarius
1020 1887 1103 1963 in
1145 1886 1398 1967 casam
1449 1882 1660 1971 suam
1698 1883 2005 1984 recipit,
2058 1870 2383 1958 ibidem-

564 2040 768 2125 ‚que
823 2006 1074 2097 affusa
1131 2011 1359 2124 aqua,
1437 2037 1617 2122 quae.
1659 2009 1923 2095 antliis
1999 2005 2042 2087 ὲ
2111 2001 2383 2088 fodina

616 2144 996 2239 hauritur,
1050 2146 1608 2250 metallicisque
1660 2136 2061 2251 particulis
2095 2133 2205 2219 est
2239 2141 2384 2236 irn-

601 2299 1046 2385 praegnata,
1131 2262 1821 2377 additoq31ixivi6
1891 2293 1934 2341 e
1993 2266 2386 2351 cineribus

530 2475 536 2480 .
606 2400 1006 2515 lignorum
1066 2421 1370 2521 parato,
1457 2388 1670 2506 (quo
1745 2387 2013 2474 viridis
2062 2394 2288 2473 color
2343 2425 2396 2476 a

610 2534 968 2633 Vitriolo
1027 2535 1498 2641 proveniens
1551 2518 1689 2630 ipsi
1747 2517 2134 2630 dematur,
2221 2542 2394 2631 atq,

608 2662 1005 2748 Aluminis
1038 2655 1382 2769 crystalli
1429 2646 1921 2736 candidiores
1977 2644 2389 2757 evadant,)

611 2799 696 2879 in
744 2801 1087 2877 cortinas
1143 2782 1552 2896 plumbeas
1603 2775 1702 2861 ad
1774 2808 1882 2887 24
1945 2774 2181 2860 horas
2259 2803 2385 2860 ve·

613 2924 963 3016 hementi
1025 2926 1299 3030 coquit
1355 2924 1566 3026 igne,
1648 2939 1736 2993 ac
1789 2909 1971 2993 dein
2033 2906 2381 3018 frigefac-

612 3080 784 3142 tum
831 3050 1452 3164 crystallisationi
1486 3047 1835 3150 exponit.
1948 3037 2130 3160 Qa
2186 3044 2388 3122 intra

615 3186 1188 3290 nyaesthemeron
1278 3169 1615 3285 peracta,
1705 3157 2115 3279 crystallos
2217 3166 2393 3254 aliis

615 3321 699 3402 in
762 3317 1114 3405 cortinis,
1183 3331 1409 3414 aqua,
1484 3297 1829 3402 resolvit,
1884 3326 1975 3385 ac
2042 3295 2400 3402 deputat,

615 3444 755 3538 ¹ubi
809 3443 1154 3543 tandem,
1233 3433 1439 3519 Salis
1482 3429 1742 3524 instar,
1797 3426 2096 3512 baculis
2156 3428 2405 3510 trans-

617 3572 936 3660 versun
981 3579 1064 3656 in
1153 3570 1459 3650 cortina
1550 3559 1836 3644 locatis
1928 3556 2394 3640 accrescunt.

624 3706 1069 3794 Remanens
1124 3729 1170 3780 a
1222 3688 1605 3802 crystallis
1669 3687 2077 3775 Lixivium
2134 3680 2392 3789 amplo

617 3831 844 3922 dolio
897 3823 1277 3925 infundit,
1368 3827 1450 3904 in
1492 3845 1693 3928 que,
1773 3840 1948 3900 cum
1995 3839 2133 3922 per
2163 3809 2409 4018 deffl-

2220 3962 2425 4020 uum
