2563 4371
285 487 639 568 versariis
717 481 1105 593 lignorum
1194 484 1543 597 undique
1628 517 1949 596 praemu-

178 621 237 665 “
299 620 532 699 nitur
661 615 1216 721 Subjunximus
1300 644 1562 702 aurem
1648 612 1971 730 figuram

187 751 241 795 ‘⁴
298 742 626 827 alteram
663 744 1037 849 superiori
1073 771 1480 857 utramque
1518 742 1784 828 sedula
1824 751 1976 833 Re-

173 874 227 969 5‘
286 879 406 983 gii
464 877 615 959 Rei
665 876 952 955 metall.
1030 875 1344 985 Colleg.
1423 877 1815 959 Mensoris
1852 904 1975 957 or-

167 1006 226 1051 “
286 1005 458 1085 din.
500 998 1080 1110 Ingeniofiffimi
1131 1011 1313 1087 Dni.
1383 1004 1742 1089 Samuelis
1774 1000 1968 1109 Bus-

180 1133 233 1177 “
295 1130 699 1240 chenftldii
732 1158 973 1238 opera
1010 1128 1512 1235 delineatam,
1565 1142 1798 1243 inque
1833 1136 1978 1214 mi·

167 1264 243 1308 ‘⁴‘
309 1289 585 1345 norem
658 1262 985 1343 formam
1062 1260 1468 1347 tedmstam
1556 1258 1977 1345 secundum

175 1388 237 1440 “
294 1378 681 1475 minorem
775 1389 1060 1474 scalam
1132 1395 1247 1496 V,
1367 1421 1550 1476 100.
1642 1395 1977 1498 perticas

178 1518 237 1562 “
299 1516 702 1624 (famnar)
793 1516 952 1601 five
1019 1508 1179 1603 600
1253 1517 1494 1625 pedes
1562 1524 1974 1601 continenss

179 1644 245 1690 “
304 1668 514 1728 tem:
590 1654 704 1728 ita
760 1670 847 1727 ut
878 1646 1041 1727 haec
1094 1644 1523 1729 delineatio
1581 1648 1656 1726 se
1693 1643 1978 1751 habeat

182 1775 242 1820 “
303 1774 405 1857 ad
465 1775 805 1883 majores
887 1775 963 1854 &.
1036 1774 1446 1854 consuetas
1527 1769 1987 1852 delineatio-

183 1902 249 1954 “
309 1935 447 1988 nes
488 1898 802 2002 fodinae,
879 1900 1070 1984 ficut
1121 1909 1376 1983 minor
1429 1899 1632 1981 scala
1693 1901 1799 1980 X.
1873 1896 1975 1981 ad

192 2028 255 2075 “
312 2029 684 2143 majorem
733 2026 777 2102 ὲ
831 2030 1151 2132 regione
1215 2025 1641 2132 adpositam
1694 2026 1792 2107 Z.
1868 2024 1986 2108 id-

205 2155 263 2202 “
315 2180 470 2265 que
528 2178 702 2237 eam
751 2155 1104 2258 inprimis
1156 2151 1263 2233 ob
1317 2154 1650 2248 causam,
1724 2179 1810 2235 ut
1862 2180 1985 2237 ra·

191 2281 257 2348 ·“-
317 2290 436 2366 tio
485 2277 927 2365 delineandi
993 2278 1304 2363 chartas
1359 2286 1437 2364 in
1507 2283 1785 2364 Suecia
1867 2288 1986 2361 in-

197 2416 254 2462 “
310 2411 660 2494 notescat
690 2450 718 2502 3
789 2407 1148 2492 Fahlunae
1202 2403 1611 2517 praecipue,
1680 2407 1814 2489 ubi
1857 2427 1982 2490 tot

196 2542 258 2592 “
311 2541 755 2624 cavernae&
791 2541 1058 2643 specus
1098 2539 1409 2641 fodinae,
1504 2543 1743 2625 altera
1785 2549 1985 2622 inter

198 2666 535 2748 “svallo
600 2666 761 2747 saxi
840 2663 1063 2745 alteri
1134 2663 1395 2744 altius
1441 2690 1673 2775 atque
1744 2669 1983 2750 altius

201 2803 263 2860 ›“
316 2789 730 2902 suppreffi,
820 2789 1246 2903 aliquando
1325 2797 1405 2871 in
1483 2817 1606 2892 ro,
1695 2824 1790 2877 12
1854 2793 1986 2876 vel

189 2926 292 2990 1⁴st
329 2945 461 3031 14,
515 2916 1120 3029 superimpositis
1180 2917 1392 3001 foliis
1443 2921 1661 3025 pingi
1697 2916 1989 3002 necesse

195 3048 632 3151 ⁴⁴·‘habent,
725 3048 1035 3130 exsecta
1091 3043 1420 3141 'chart-a,
1504 3045 1657 3126 ubi
1720 3043 1985 3130 fauces

199 3186 264 3233 ⁴‘
321 3183 393 3274 βτ
445 3177 746 3264 hiantia
815 3182 1105 3260 montis
1157 3202 1297 3254 ora
1340 3181 1810 3258 occurrunt:
1886 3205 1981 3260 ea

203 3312 270 3364 '⁴‘
321 3327 566 3417 quoq3
632 3303 967 3395 cautela,
1021 3326 1106 3383 ut
1159 3306 1419 3409 quivis
1463 3302 1871 3384 cuniculus
1912 3308 1986 3385 8:

207 3436 271 3504 ⁴⁴
326 3431 577 3536 locus,
673 3453 854 3515 cum
921 3435 1073 3516 suis
1153 3428 1391 3513 fossis-¹
1429 3434 1499 3511 δι
1566 3429 1985 3535 columniS‚

216 3564 270 3607 “
327 3559 791 3648 exac'tiffime
852 3588 1085 3690 atque
1139 3556 1703 3643 adcuratiffim'e
1734 3560 1847 3644 ad
1871 3592 1989 3647 re-

201 3702 265 3758 ¹⁴⁸
315 3695 554 3806 gulas
601 3683 1144 3782 Geometricas
1181 3691 1704 3779 dimetiat'ur·
1674 3739 1704 3793 ‚-
1784 3697 1985 3781 adeo

194 3830 292 3875 -“
324 3819 675 3936 quidem,
738 3843 858 3909 ut-
881 3835 962 3910 in
1016 3828 1234 3911 nulia
1285 3853 1367 3908 re
1388 3801 1744 3924 aberret,
1807 3845 1986 3904 utut

1547 3958 1595 3998 “
1653 3958 1989 4039 maxime

171 480 224 524 <c
