2563 4371
906 286 1369 460 (11.)

225 541 442 625 gum
499 508 893 628 Endingen
936 506 1380 625 frequenter
1433 530 1867 618 occurrunt,
1937 523 2012 600 St

226 646 389 729 sub
483 655 800 730 nomine
882 646 1193 730 Metalli
1272 644 1550 726 fabarii
1618 636 2018 754 (Bohnen-

122 870 135 885 ,
219 764 518 886 Ertz)
544 773 832 859 ibidem
865 775 1040 856 sunt
1082 777 1277 855 noti
1346 776 1599 855 Autor
1619 762 2022 891 Hodqgetae
2087 872 2094 876 ,

222 898 552 1006 Suecici,
629 926 808 987 ante
872 901 1203 1013 aliquot
1227 924 1474 984 annos
1532 896 1797 1009 lingua
1855 920 2026 1010 ger-

224 1024 550 1111 manica
598 1025 821 1128 editi,
877 1054 951 1134 p.
986 1038 1088 1109 ns.
1152 1031 1281 1137 36.
1339 1023 1661 1127 indicat,
1737 1021 1835 1108 ad
1872 1023 2024 1108 vil-

111 1151 119 1159 ’
230 1154 412 1241 lam
453 1152 860 1268 Skattilo‘ff
893 1152 1041 1241 effe
1097 1155 1379 1251 lacum,
1433 1150 1630 1266 Asel
1671 1152 1798 1239 v'el
1844 1144 2038 1263 Estl

227 1291 755 1396 appellatum,
847 1294 996 1369 tria
1081 1284 1443 1369 milliaria
1504 1287 1855 1396 longum,
1945 1286 2021 1367 δι

227 1442 487 1501 unum
530 1443 709 1499 cum
761 1406 1091 1499 dimidio
1139 1415 1414 1518 latum,
1470 1421 1604 1526 qui
1660 1419 1846 1527 365.
1904 1420 2025 1497 in-

230 1538 452 1626 sulas
537 1547 967 1644 contineat,
1049 1543 1121 1621 &
1198 1548 1624 1650 quotannis
1713 1528 2021 1650 aliquot

234 1686 563 1747 centum
615 1687 902 1749 tonnas
954 1663 1213 1748 ferreae
1268 1665 1660 1775 ejusmodi
1708 1675 2021 1753 minerae

242 1791 348 1876 ad
404 1790 799 1879 officinam
873 1793 1240 1875 fusoriam
1289 1795 1792 1901 Husbyensem
1849 1800 2029 1875 mit-

238 1940 418 2005 tatz
503 1920 576 2002 81
610 1918 904 2005 ‘Petrus
941 1912 1308 2005 Thalinus
1359 1929 1442 2003 in
1492 1912 1681 2004 Difl]
1720 1917 1810 2001 de
1854 1918 2033 2003 Fer·-

247 2068 357 2136 ro‚
409 2068 591 2150 pag.
625 2071 759 2152 30.
805 2050 1163 2123 meminit
1221 2040 1509 2124 lacuum
1559 2041 2063 2129 Smolandiae-

250 2166 390 2255 W
380 2169 571 2281 dost,
617 2168 1028 2278 ffertstb'n,
1090 2173 1161 2252 &
1198 2168 1611 2284 Sio'ghulte·
1579 2168 1817 2276 -Siiin,
1853 2176 2031 2260 ferri

242 2298 622 2413 piscatura
673 2296 1117 2400 celebrium,
1197 2300 1270 2380 δι
1328 2296 1635 2381 infimul
1690 2299 1843 2382 hoc
1892 2299 2032 2384 ad-

248 2425 370 2513 dit
421 2425 665 2540 quod,
733 2425 907 2534 post
957 2451 1194 2554 quam
1258 2452 1361 2509 ex
1408 2424 1657 2512 fundo
1712 2411 2028 2514 lacuum

247 2555 644 2640 hauserint
700 2581 1015 2638 omnem
1067 2545 1227 2639 fere
1299 2564 1740 2655 materiam,
1804 2557 2025 2641 certo

251 2693 335 2769 in
416 2680 595 2766 loco
651 2688 1073 2779 inventam,
1137 2684 1313 2791 post
1372 2710 1530 2772 tres
1585 2705 2031 2799 quatuorve

251 2831 507 2898 annos
590 2808 859 2895 simile
912 2841 1176 2899 rursus
1254 2815 1656 2936 metallum
1744 2802 2024 2901 eodem

248 2949 333 3027 in
369 2936 551 3026 loco
579 2938 1222 3049 deprehendatur,
1272 2949 1390 3028 Vi
1443 2948 1848 3030 Fluctuam
1883 2948 2025 3030 ali-

211 3067 460 3186 -unde
511 3064 949 3153 adve&um.
1059 3072 1507 3155 Extrahitur
1559 3094 1820 3155 autem
1858 3055 2024 3159 haec

251 3205 549 3283 minera
578 3220 938 3307 tempore
974 3196 1334 3307 hyberno
1386 3200 1610 3309 super
1661 3183 2026 3313 glaciem,

252 3330 326 3410 &
379 3325 480 3411 ad
530 3328 885 3409 fornaces
941 3326 1117 3410 ferri
1172 3327 1497 3414 fusorias
1550 3333 2020 3438 transporta-

151 3461 157 3470 '
252 3471 404 3550 tur,
482 3475 572 3535 ut
623 3462 941 3536 retortis
997 3454 1070 3534 8(
1127 3449 1311 3540 ollis
1366 3463 1863 3578 coquinariis,
1948 3462 2025 3539 i-

258 3591 418 3663 te‘m
446 3569 817 3690 globulis
877 3608 965 3663 ac
1018 3590 1429 3666 tormentis
1483 3581 1812 3687 bellicis,
1880 3605 2013 3668 ex-

253 3706 442 3795 inde
516 3705 881 3817 parandis
944 3701 1330 3798 inserviat.
1440 3697 1872 3829 Copiosum
1940 3742 2020 3796 e-

252 3847 449 3929 nim
476 3832 613 3920 dat
666 3833 993 3945 Ferrum,
1044 3835 1292 3927 rarius
1350 3865 1635 3941 tamen,
1687 3851 2028 3928 notante

1812 3970 2013 4060 Tha·
2121 4057 2144 4068 ,,
